@inproceedings{6162880,
  author    = {R. A. {Newcombe} and S. {Izadi} and O. {Hilliges} and D. {Molyneaux} and D. {Kim} and A. J. {Davison} and P. {Kohi} and J. {Shotton} and S. {Hodges} and A. {Fitzgibbon}},
  booktitle = {2011 10th IEEE International Symposium on Mixed and Augmented Reality},
  title     = {KinectFusion: Real-time dense surface mapping and tracking},
  year      = {2011},
  volume    = {},
  number    = {},
  pages     = {127-136}
}
@inproceedings{710815,
  author    = {C. {Tomasi} and R. {Manduchi}},
  booktitle = {Sixth International Conference on Computer Vision (IEEE Cat. No.98CH36271)},
  title     = {Bilateral filtering for gray and color images},
  year      = {1998},
  volume    = {},
  number    = {},
  pages     = {839-846}
}
@article{article,
  author = {Low, Kok-Lim},
  year   = {2004},
  month  = {01},
  pages  = {},
  title  = {Linear Least-Squares Optimization for Point-to-Plane ICP Surface Registration}
}
@inproceedings{inproceedings,
  author  = {Segal, Aleksandr and HÃ¤hnel, Dirk and Thrun, Sebastian},
  year    = {2009},
  month   = {06},
  pages   = {},
  title   = {Generalized-ICP},
  journal = {Proc. of Robotics: Science and Systems},
  doi     = {10.15607/RSS.2009.V.021}
}
@article{Kang2014FastD3,
  title={Fast dense 3D reconstruction using an adaptive multiscale discrete-continuous variational method},
  author={Zhuoliang Kang and G{\'e}rard G. Medioni},
  journal={IEEE Winter Conference on Applications of Computer Vision},
  year={2014},
  pages={53-60}
}